<?xml version="1.0" encoding="UTF-8"?><collection xmlns="http://www.loc.gov/MARC21/slim"><record><leader>00462nam--2200157-i-4500</leader><controlfield tag="001">000032547</controlfield><controlfield tag="002">20161230</controlfield><controlfield tag="005">20170305184444</controlfield><controlfield tag="008">060222s1000------------r-----000-0-eng-d</controlfield><datafield ind1=" " ind2=" " tag="080"><subfield code="a">621.316.8.014:534.83</subfield></datafield><datafield ind1=" " ind2=" " tag="245"><subfield code="a">Method of measurement of current noise generated in fixed resistors. Metric units</subfield></datafield><datafield ind1=" " ind2=" " tag="260"><subfield code="a">London</subfield><subfield code="b">British Standsrds House</subfield><subfield code="c">1967</subfield></datafield><datafield ind1=" " ind2=" " tag="300"><subfield code="a">13 p</subfield></datafield><datafield ind1=" " ind2=" " tag="490"><subfield code="a">British Standard 4119:1967</subfield></datafield><datafield ind1=" " ind2=" " tag="852"><subfield code="a">30273</subfield></datafield><datafield ind1=" " ind2=" " tag="CAT"><subfield code="a">SYS</subfield><subfield code="c">20170305</subfield><subfield code="h">184444</subfield></datafield></record></collection>